<?xml version="1.0" encoding="UTF-8"?><collection xmlns="http://www.loc.gov/MARC21/slim"><record><leader>00455nam--2200157-i-4500</leader><controlfield tag="001">000018848</controlfield><controlfield tag="002">20161230</controlfield><controlfield tag="005">20170127195416</controlfield><controlfield tag="008">060222s1000------------r-----000-0-eng-d</controlfield><datafield ind1=" " ind2=" " tag="080"><subfield code="a">547</subfield></datafield><datafield ind1=" " ind2=" " tag="100"><subfield code="a">Fischer, Nikolaus</subfield></datafield><datafield ind1=" " ind2=" " tag="245"><subfield code="a">Uber die einwirkung von aliphatischen sulfochloriden auf tertiare amine. Inaugural dissertation</subfield></datafield><datafield ind1=" " ind2=" " tag="260"><subfield code="a">Tubigen</subfield><subfield code="b">Eberhard-Karls-Universitat</subfield><subfield code="c">1965</subfield></datafield><datafield ind1=" " ind2=" " tag="300"><subfield code="a">100 p</subfield></datafield><datafield ind1=" " ind2=" " tag="852"><subfield code="a">23417</subfield></datafield><datafield ind1=" " ind2=" " tag="CAT"><subfield code="a">SYS</subfield><subfield code="c">20170127</subfield><subfield code="h">195416</subfield></datafield></record></collection>